
@book{baruahVirtualRealityVRTK42020,
  title = {Virtual {{Reality}} with {{VRTK4}}: {{Create Immersive VR Experiences Leveraging Unity3D}} and {{Virtual Reality Toolkit}}},
  shorttitle = {Virtual {{Reality}} with {{VRTK4}}},
  author = {Baruah, Rakesh},
  date = {2020},
  publisher = {{Apress}},
  location = {{Berkeley, CA}},
  doi = {10.1007/978-1-4842-5488-2},
  url = {http://link.springer.com/10.1007/978-1-4842-5488-2},
  urldate = {2022-03-28},
  isbn = {978-1-4842-5487-5 978-1-4842-5488-2},
  langid = {english},
  file = {C\:\\Users\\nicho\\Zotero\\storage\\QU99A3JA\\10.1007978-1-4842-5488-2.pdf}
}

@book{grasnickBasicsVirtualReality2021a,
  title = {Basics of {{Virtual Reality}}: {{From}} the {{Discovery}} of {{Perspective}} to {{VR Glasses}}},
  shorttitle = {Basics of {{Virtual Reality}}},
  author = {Grasnick, Armin},
  date = {2021},
  publisher = {{Springer Berlin Heidelberg}},
  location = {{Berlin, Heidelberg}},
  doi = {10.1007/978-3-662-64201-6},
  url = {https://link.springer.com/10.1007/978-3-662-64201-6},
  urldate = {2022-03-28},
  isbn = {978-3-662-64200-9 978-3-662-64201-6},
  langid = {english},
  file = {C\:\\Users\\nicho\\Zotero\\storage\\74Q79HDK\\Grasnick - 2021 - Basics of Virtual Reality From the Discovery of P.pdf}
}

@online{SixDegreesFreedom,
  title = {Six Degrees of Freedom - {{Wikiwand}}},
  url = {https://www.wikiwand.com/en/Six_degrees_of_freedom},
  urldate = {2022-04-02}
}

@online{ThisEngineeringHow2020,
  title = {This Is the {{Engineering Behind How VR Headsets Work}}},
  date = {2020-05-09T08:49:00-05:00},
  url = {https://interestingengineering.com/vr-headsets-work-through-a-combination-of-different-tracking-technologies},
  urldate = {2022-04-02},
  abstract = {Virtual reality headsets are becoming more commonplace in modern tech. That said, do you know how exactly these new pieces of tech work? Let's find out.},
  langid = {american},
  file = {C\:\\Users\\nicho\\Zotero\\storage\\EANYE2D7\\vr-headsets-work-through-a-combination-of-different-tracking-technologies.html}
}

@book{vermaAdvancesAugmentedReality2022a,
  title = {Advances in {{Augmented Reality}} and {{Virtual Reality}}},
  editor = {Verma, Jitendra Kumar and Paul, Sudip},
  date = {2022},
  series = {Studies in {{Computational Intelligence}}},
  volume = {998},
  publisher = {{Springer Singapore}},
  location = {{Singapore}},
  doi = {10.1007/978-981-16-7220-0},
  url = {https://link.springer.com/10.1007/978-981-16-7220-0},
  urldate = {2022-03-28},
  isbn = {9789811672194 9789811672200},
  langid = {english},
  file = {C\:\\Users\\nicho\\Zotero\\storage\\BVNLBDB4\\Verma and Paul - 2022 - Advances in Augmented Reality and Virtual Reality.pdf}
}


